@Article{brandon:2008,
  Title                    = {Use of Ada in a Student CubeSat Project},
  Author                   = {Carl S. Brandon},
  Journal                  = {Ada User Journal},
  Year                     = {2008},
  Number                   = {3},
  Volume                   = {29}
}

